<?xml version="1.0" encoding="UTF-8"?>
<collection xmlns:xsi="http://www.w3.org/2001/XMLSchema-instance" xsi:schemaLocation="http://www.loc.gov/MARC21/slim http://www.loc.gov/standards/marcxml/schema/MARC21slim.xsd" xmlns="http://www.loc.gov/MARC21/slim">
<record>
  <leader>00742cam a22002291  4500</leader>
  <controlfield tag="001">3073797</controlfield>
  <controlfield tag="003">NNC</controlfield>
  <controlfield tag="005">20130426015606.0</controlfield>
  <controlfield tag="008">010827s1954    le            000 0 ara d</controlfield>
  <datafield tag="035" ind1=" " ind2=" ">
    <subfield code="a">(OCoLC)ocm47849848</subfield>
  </datafield>
  <datafield tag="035" ind1=" " ind2=" ">
    <subfield code="9">ATP6938CU</subfield>
  </datafield>
  <datafield tag="035" ind1=" " ind2=" ">
    <subfield code="a">(NNC)3073797</subfield>
  </datafield>
  <datafield tag="040" ind1=" " ind2=" ">
    <subfield code="a">ZCU</subfield>
    <subfield code="c">ZCU</subfield>
  </datafield>
  <datafield tag="099" ind1=" " ind2=" ">
    <subfield code="a">893.712</subfield>
    <subfield code="a">T1591</subfield>
  </datafield>
  <datafield tag="100" ind1="1" ind2=" ">
    <subfield code="a">Shidyāq, Ṭannūs ibn Yūsuf,</subfield>
    <subfield code="d">-1861 or 1862.</subfield>
  </datafield>
  <datafield tag="245" ind1="1" ind2="0">
    <subfield code="a">Akhbār al-aʻyān fī jabal Lubnān,</subfield>
    <subfield code="c">taʾlīf  Ṭannūs ibn Yūsuf al-Shidyāḳ al-Ḥadathī al-Mārūnī.</subfield>
  </datafield>
  <datafield tag="260" ind1=" " ind2=" ">
    <subfield code="a">Bayrūt,</subfield>
    <subfield code="b">Maktabat al-ʻIrfān,</subfield>
    <subfield code="c">1954.</subfield>
  </datafield>
  <datafield tag="300" ind1=" " ind2=" ">
    <subfield code="a">2 v.</subfield>
  </datafield>
  <datafield tag="500" ind1=" " ind2=" ">
    <subfield code="a">2d ed., by Munīr Wuhaybah al-Khāzinī.</subfield>
  </datafield>
  <datafield tag="651" ind1=" " ind2="0">
    <subfield code="a">Lebanon</subfield>
    <subfield code="x">History.</subfield>
  </datafield>
  <datafield tag="700" ind1="1" ind2=" ">
    <subfield code="a">Khāzin, Munīr Wuhaybah.</subfield>
  </datafield>
  <datafield tag="955" ind1=" " ind2=" ">
    <subfield code="b">0040425380</subfield>
    <subfield code="d">glx</subfield>
    <subfield code="e">893.712 T1591</subfield>
    <subfield code="v">v.1</subfield>
  </datafield>
</record>
</collection>